@misc{
    spi_spec,
    title = "Two-Slit Interference, One Photon at a Time",
    author = "Teach spin",
    years = "2008"
}
@misc{
    github,
    title = "Single Photon Interference",
    author = "WoojinHan24",
    years = "2023",
    note = "\url{https://github.com/WoojinHan24/Single_Photon_Interference}"
}
